@book{kutz2016dynamic,
	title = {Dynamic mode decomposition: data driven modeling for complex systems},
	author = {Kutz, J.~N. and Brunton, S.~L. and Proctor, J.~L.},
	publisher = {Society for Industrial and Applied Mathematics Philadelphia},
	year = {2016}
}

@article{schmid2010dynamic,
	title={Dynamic mode decomposition of numerical and experimental data},
	author={Schmid, Peter J},
	journal={Journal of fluid mechanics},
	volume={656},
	pages={5--28},
	year={2010},
	publisher={Cambridge University Press}
}

@conference{abdo2018data,
	author = {Abdo, Mohammad and Elzohery, Rabab and Roberts, Jeremy},
	title = {Data-driven surrogate model to predict isotropic composition using dynamic mode deomposition},
	booktitle = {Proceedings of the PHYSOR 2018, Cancun, Mexico},
	month = {April},
	year = {2018},
	address = {Cancun, Mexico},
	organization = {American Nuclear Society}
}

@article{jovanovic2012low,
	title={Low-rank and sparse dynamic mode decomposition},
	author={Jovanovic, MR and Schmid, PJ and Nichols, JW},
	journal={Center for Turbulence Research Annual Research Briefs},
	volume={2012},
	pages={139--152},
	year={2012},
	publisher={Center for Turbulence Research, Stanford Univ. Stanford, CA}
}

@article{mcclarren2018calculating,
	title={Calculating time eigenvalues of the neutron transport equation with dynamic mode decomposition},
	author={McClarren, Ryan G},
	journal={arXiv preprint arXiv:1810.10678, submitted to {\em Nuclear Science and Engineering}},
	year={2018}
}

@article{edwards2011nonlinear,
	title={Nonlinear variants of the TR/BDF2 method for thermal radiative diffusion},
	author={Edwards, Jarrod D and Morel, Jim E and Knoll, Dana A},
	journal={Journal of Computational Physics},
	volume={230},
	number={4},
	pages={1198--1214},
	year={2011},
	publisher={Elsevier}
}

@article{bondarenko1998structure,
	title={The structure of the fundamental solution of the time-independent transport equation},
	author={Bondarenko, Anatoly N},
	journal={Journal of mathematical analysis and applications},
	volume={221},
	number={2},
	pages={430--451},
	year={1998},
	publisher={Elsevier}
}

@article{jorgens1958asymptotic,
	title={An asymptotic expansion in the theory of neutron transport},
	author={J{\"o}rgens, Konrad},
	journal={Communications on Pure and Applied Mathematics},
	volume={11},
	number={2},
	pages={219--242},
	year={1958},
	publisher={Wiley Online Library}
}

@article{larsen1975solutions,
	title={Solution of neutron transport problems in L1},
	author={Larsen, Edward~W.},
	journal={Communications on Pure and Applied Mathematics},
	volume{28},
	number={},
	pages={729-746},
	year={1975},
	publisher={Wiley Online Library}
}

